%% This BibTeX bibliography file was created using BibDesk.
%% http://bibdesk.sourceforge.net/


%% Created for Ram Kumar at 2006-11-20 01:00:09 -0800 


%% Saved with string encoding Western (ASCII) 



@inproceedings{accetta-usenix86-mach,
	Author = {Michael J. Accetta and Robert V. Baron and William J. Bolosky and David B. Golub and Richard F. Rashid and Avadis Tevanian and Michael Young},
	Booktitle = {1986 Summer USENIX Conference},
	Title = {MACH: A New Kernel Foundation for UNIX Development},
	Year = {1986}}

@inproceedings{wahbe93sfi,
	Address = {New York, NY, USA},
	Author = {Robert Wahbe and Steven Lucco and Thomas E. Anderson and Susan L. Graham},
	Booktitle = {SOSP '93: Proceedings of the fourteenth ACM symposium on Operating systems principles},
	Date-Added = {2005-12-03 00:53:49 -0800},
	Date-Modified = {2005-12-03 00:53:49 -0800},
	Pages = {203--216},
	Publisher = {ACM Press},
	Title = {Efficient software-based fault isolation},
	Year = {1993}}

@article{chase-tocs94-opal,
	Author = {Jeffrey S. Chase and Henry M. Levy and Michael J. Feeley and Edward D. Lazowska},
	Journal = {ACM Transactions on Computer Systems, 12(4)},
	Title = {Sharing and Protection in a Single-Address-Space Operating System},
	Year = {1994}}

@inproceedings{chapin-sosp95-hive,
	Author = {John Chapin and Mendel Rosenblum and Scott Devine and Tirthankar Lahiri and Dan Teodosiu and Anoop Gupta},
	Booktitle = {ACM symposium on Operating Systems Principles (SOSP)},
	Title = {Hive: Fault Containment for Shared-Memory Multiprocessors},
	Year = {1995}}

@inproceedings{engler-sosp95-exokernel,
	Author = {Dawson R. Engler and M. Frans Kaashoek and James W. O'Toole},
	Booktitle = {ACM symposium on Operating Systems Principles (SOSP)},
	Title = {Exokernel: An Operating System Architecture for Application-Level Resource Management},
	Year = {1995}}

@inproceedings{necula96pcc,
	Author = {George C Necula and Peter Lee},
	Booktitle = {Proceedings of the 24th ACM Symposium on Principles of Programming Languages (POPL)},
	Date-Added = {2006-11-02 01:33:28 -0800},
	Date-Modified = {2006-11-02 01:34:25 -0800},
	Title = {Proof-Carrying Code},
	Year = {1997}}

@inproceedings{stajano00grenade,
	Author = {Frank Stajano and Ross Anderson},
	Booktitle = {Proceedings of 7th International Workshop on Mobile Multimedia Communications (MoMuC)},
	Date-Added = {2005-10-01 01:57:15 -0400},
	Date-Modified = {2005-10-01 02:00:22 -0400},
	Title = {The grenade timer: Fortifying the watchdog timer against malicious mobile code},
	Year = {2000}}

@inproceedings{lowell-usenix00-failuretransparency,
	Author = {David E. Lowell and Subhachandra Chandra and Peter M. Chen},
	Booktitle = {USENIX Symposium on Operating Systems Design and Implementation (OSDI)},
	Title = {Exploring Failure Transparency and the Limits of Generic Recovery},
	Year = {2000}}

@inproceedings{chen-hotos01-virtualbetter,
	Author = {Peter M. Chen and Brian D. Noble},
	Booktitle = {Workshop on Hot Topics in Operating Systems (HotOS)},
	Title = {When Virtual Is Better Than Real},
	Year = {2001}}

@inproceedings{ccured02necula,
	Author = {George C. Necula and Scott McPeak and Westley Weimer},
	Booktitle = {Proceedings of the 29th ACM SIGPLAN-SIGACT symposium on Principles of programming languages (POPL)},
	Date-Added = {2006-11-10 04:31:04 -0800},
	Date-Modified = {2006-11-10 04:31:59 -0800},
	Title = {CCured: type-safe retrofitting of legacy code},
	Year = {2002}}

@inproceedings{cil02necula,
	Author = {George C. Necula and Scott McPeak and Shree Prakash Rahul and Westley Weimer},
	Booktitle = {CC '02: Proceedings of the 11th International Conference on Compiler Construction},
	Date-Added = {2005-12-09 00:53:48 -0800},
	Date-Modified = {2005-12-09 00:55:20 -0800},
	Title = {CIL: Intermediate Language and Tools for Analysis and Transformation of C Programs},
	Year = {2002}}

@inproceedings{kowshik-cases02-controlC,
	Author = {Sumant Kowshik and Dinakar Dhurjati and Vikram Adve},
	Booktitle = {International Conference on Compilers, Architecture, and Systhesis for Embedded Systems (CASES)},
	Title = {Ensuring Code Safety Without Runtime Checks For Real-Time Control Systems},
	Year = {2002}}

@inproceedings{grossman-pldi02-cyclone,
	Author = {Dan Grossman and Greg Morrisett and Trevor Jim and Michael Hicks and Yanling Wang and James Cheney},
	Booktitle = {Conference on Programming Language Design and Implementation (PLDI)},
	Title = {Region-Based Memory Management in Cyclone},
	Year = {2002}}

@inproceedings{witchel-asplos02-mondrian,
	Author = {Emmett Witchel and Josh Cates and Krste Asanovi\'c},
	Booktitle = {International Conference on Architectural Support for Programming Languages and Operating Systems (ASPLOS)},
	Title = {Mondrian Memory Protection},
	Year = {2002}}

@inproceedings{whitaker-usenix02-denali,
	Author = {Andrew Whitaker and Marianne Shaw and Steven D. Gribble},
	Booktitle = {USENIX Annual Technical Conference},
	Title = {Denali: Lightweight Virtual Machines for Distributed and Networked Applications},
	Year = {2002}}

@techreport{patterson-berkeleyTR-roc,
	Author = {Patterson et al.},
	Institution = {UC Berkeley Computer Science Technical Report UCB//CSD-02-1175},
	Title = {Recovery-Oriented Computing (ROC): Motivation, Definition, Techniques, and Case Studies},
	Year = {2002}}

@inproceedings{hill02micro,
	Author = {Jason Hill and David Culler},
	Booktitle = {IEEE Micro.},
	Date-Added = {2005-09-23 14:29:20 -0400},
	Date-Modified = {2005-09-23 14:30:59 -0400},
	Number = {6},
	Pages = {12-24},
	Title = {Mica: A wireless platform for deeply embedded networks},
	Volume = {22},
	Year = {Nov/Dec 2002}}

@inproceedings{levis03tossim,
	Author = {Phil Levis and Nelson Lee and Matt Welsh and David Culler},
	Booktitle = {First ACM Conference on Embedded Networked Sensor Systems (SenSys)},
	Date-Added = {2005-09-26 12:33:31 -0400},
	Date-Modified = {2005-09-26 12:36:02 -0400},
	Title = {TOSSIM: Accurate and Scalabe Simulation of Entire TinyOS Applications},
	Year = {2003}}

@conference{gay03nesc,
	Author = {David Gay and Philip Levis and Robert von Behren and Matt Welsh},
	Booktitle = {Proceedings of Programming Language Design and Implementation},
	Date-Added = {2005-12-09 00:53:04 -0800},
	Date-Modified = {2005-12-09 00:53:04 -0800},
	Title = {The nesC Language: A Holistic Approach to Networked Embedded Systems},
	Year = {2003}}

@inproceedings{woo03surge,
	Author = {Alec Woo and Terence Tong and David Culler},
	Booktitle = {First ACM Conference on Embedded Networked Sensor Systems (SenSys)},
	Date-Added = {2005-09-26 09:31:49 -0400},
	Date-Modified = {2005-09-26 14:18:42 -0400},
	Title = {Taming the Underlying Challenges of Reliable Multihop Routing in Sensor Networks},
	Year = {2003}}

@inproceedings{cyclops05sensys,
	Address = {New York, NY, USA},
	Author = {Mohammad Rahimi and Deborah Estrin and Rick Baer and Henry Uyeno and Jay Warrior},
	Booktitle = {SenSys '04: Proceedings of the 2nd international conference on Embedded networked sensor systems},
	Date-Added = {2006-11-01 00:49:22 -0800},
	Date-Modified = {2006-11-01 00:52:32 -0800},
	Publisher = {ACM Press},
	Title = {Cyclops, image sensing and interpretation in wireless networks},
	Year = {2004}}

@inproceedings{ben04snack,
	Address = {New York, NY, USA},
	Author = {Ben Greenstein and Eddie Kohler and Deborah Estrin.},
	Booktitle = {SenSys '04: Proceedings of the 2nd international conference on Embedded networked sensor systems},
	Date-Added = {2006-02-27 16:13:44 -0800},
	Date-Modified = {2006-02-27 16:15:53 -0800},
	Pages = {69--80},
	Publisher = {ACM Press},
	Title = {A sensor network application construction kit (SNACK)},
	Year = {2004}}

@inproceedings{candea04microreboot,
	Author = {George Candea and Shinichi Kawamoto and Yuichi Fujiki and Greg Friedman and Armando Fox},
	Booktitle = {Proceedings of the 6th Symposium on Operating Systems Design and Implementation (OSDI)},
	Date-Added = {2005-12-04 02:26:13 -0800},
	Date-Modified = {2005-12-04 02:27:32 -0800},
	Title = {Microreboot -- A Technique for Cheap Recovery},
	Year = {2004}}

@inproceedings{swift04shadow,
	Author = {Michael M Swift and Muthukarupan Annamalai and Brian N Bershad and Henry M Levy},
	Booktitle = {Proceedings of the 6th ACM/USENIX Symposium on Operating Systems Design and Implementation (OSDI)},
	Date-Added = {2005-09-30 17:55:33 -0400},
	Date-Modified = {2005-09-30 17:58:26 -0400},
	Title = {Recovering Device Drivers},
	Year = {2004}}

@inproceedings{welsh04powertossim,
	Author = {Victor Shnayder and Mark Hempstead and Bor-rong Chen and Geoff Werner-Allen and Matt Welsh},
	Booktitle = {Proceedings of the Second ACM Conference on Embedded Networked Sensor Systems (Sensys)},
	Date-Added = {2005-09-29 10:16:41 -0400},
	Date-Modified = {2005-09-29 10:17:37 -0400},
	Title = {Simulating the Power Consumption of Large-Scale Sensor Network Applications},
	Year = {2004}}

@inproceedings{szewczyk04gdi,
	Author = {Robert Szewczyk and Alan Mainwaring and Joseph Polastre and David Culler},
	Booktitle = {Proceedings of the Second ACM Conference on Embedded Networked Sensor Systems (SenSys)},
	Date-Added = {2005-09-28 18:01:04 -0400},
	Date-Modified = {2005-09-28 18:02:19 -0400},
	Title = {An Analysis of a Large Scale Habitat Monitoring Application},
	Year = {2004}}

@inproceedings{maroti04ftsp,
	Author = {Maroti M. and Kusy B. and Simon G. and Ledeczi A},
	Booktitle = {Second ACM Conference on Embedded Networked Sensor Systems (SenSys)},
	Date-Added = {2005-09-26 09:34:40 -0400},
	Date-Modified = {2005-09-26 14:18:35 -0400},
	Title = {The Flooding Time Synchronization Protocol},
	Year = {2004}}

@inproceedings{zhou-isca04-iwatcher,
	Author = {Pin Zhou and Feng Qin and Wei Liu and Yuanyuan Zhou and Josep Torrellas},
	Booktitle = {International Symposium on Computer Architecture (ISCA)},
	Title = {iWatcher: Efficient Architecture Support for Software Debugging},
	Year = {2004}}

@inproceedings{welsh04codeblue,
	Author = {Konrad Lorincz and David Malan and Thaddeus R F Fulford-Jones and Alan Nawoj and Antony Clavel and Victor Shnayder and Geoff Mainland and Steve Moulton and Matt Welsh},
	Booktitle = {In IEEE Pervasive Computing, Special Issue on Pervasive Computing for First Response},
	Date-Added = {2005-09-22 15:03:56 -0400},
	Date-Modified = {2006-11-01 12:08:18 -0800},
	Title = {Sensor Networks for Emergency Response: Challenges and Opportunities},
	Year = {Oct-Dec 2004}}

@inproceedings{ram06nec,
	Author = {Ram Kumar and Florin Sultan and Kiran Nagaraja and Srimat Chakradhar and Mani Srivastava},
	Booktitle = {Techical Report, Netwated and Embedded Systems Lab, UCLA},
	Date-Added = {2006-11-10 03:52:33 -0800},
	Date-Modified = {2006-11-10 03:53:50 -0800},
	Title = {An approach to handle memory corruption in sensor networks},
	Year = {2005}}

@inproceedings{dutta05ipsn,
	Author = {Prabal Dutta and Mike Grimmer and Anish Arora and Steve Bibyk and David Culler},
	Booktitle = {The Fourth International Conference on Information Processing in Sensor Networks (IPSN)},
	Date-Added = {2005-12-09 02:29:09 -0800},
	Date-Modified = {2005-12-09 02:30:36 -0800},
	Title = {Design of a Wireless Sensor Network Platform for Detecting Rare, Random, and Ephemeral Events},
	Year = {2005}}

@techreport{levis05t2,
	Author = {Phil Levis and David Gay and Vlado Handziski and Jan Hinrich Hauer and Ben Greenstein and Martin Turon and Jonathan Hui and Kevin Klues and Cory Sharp and Robert Szewczyk and Joe Polastre and Philip Buonadonna and Lama Nachman and Gilman Tolle and David Culler and Adam Wolisz},
	Date-Added = {2005-12-09 00:56:30 -0800},
	Date-Modified = {2006-11-01 12:05:46 -0800},
	Institution = {University of California, Berkeley},
	Title = {T2: A second generation OS for embedded sensor networks},
	Year = {2005}}

@conference{asvm05nsdi,
	Author = {Phil Levis and David Gay and David Culler},
	Booktitle = {Proceedings of the second international conference on Networked Systems Design and Implementation (NSDI)},
	Date-Added = {2005-12-09 00:53:16 -0800},
	Date-Modified = {2005-12-09 00:53:16 -0800},
	Title = {Active Sensor Networks},
	Year = {2005}}

@inproceedings{swift05nooks,
	Author = {Michael Swift and Brian N. Bershad and Henry M. Levy},
	Booktitle = {ACM Transactions on Computer Systems},
	Date-Added = {2005-09-30 17:59:21 -0400},
	Date-Modified = {2006-11-01 12:15:00 -0800},
	Title = {Improving the reliability of commodity operating systems},
	Volume = {23},
	Year = {2005}}

@inproceedings{titzer05avrora,
	Author = {Ben L. Titzer and Daniel Lee and Jens Palsberg},
	Booktitle = {Proceedings of the Fourth International Conference on Information Processing in Sensor Networks (ISPN)},
	Date-Added = {2005-09-28 17:24:18 -0400},
	Date-Modified = {2005-09-28 17:26:58 -0400},
	Title = {Avrora: Scalable Sensor Network Simulation with Precise Timing},
	Year = {2005}}

@inproceedings{ram05sos,
	Author = {Chih Cheh Han and Ram Kumar and Roy Shea and Eddie Kohler and Mani Srivastava},
	Booktitle = {Third International Conference on Mobile Systems, Applications, And Services (Mobisys)},
	Date-Added = {2005-09-25 23:58:34 -0400},
	Date-Modified = {2005-09-26 00:02:35 -0400},
	Title = {SOS: A Dynamic Operating System For Sensor Networks},
	Year = {2005}}

@inproceedings{polastre04telos,
	Author = {Joseph Polastre and Robert Szewczyk and David Culler},
	Booktitle = {Fourth International Conference on Information Processing in Sensor Networks: Special track on Platform Tools and Design Methods for Network Embedded Sensors (IPSN/SPOTS)},
	Date-Added = {2005-09-22 14:45:39 -0400},
	Date-Modified = {2005-09-22 17:02:27 -0400},
	Title = {Telos: Enabling Ultra-Low Power Wireless Research},
	Year = {2005}}

@inproceedings{simpson-cases05-segmentprotection,
	Author = {Matthew Simpson and Bhuvan Middha and Rajeev Barua},
	Booktitle = {International Conference on Compilers, Architecture, and Systhesis for Embedded Systems (CASES)},
	Title = {Segment Protection for Embedded Systems Using Run-time Checks},
	Year = {2005}}

@inproceedings{qin-hpca05-safemem,
	Author = {Feng Qin and Shan Lu and Yuanyuan Zhou},
	Booktitle = {International Symposium on High-Performance Computer Architecture (HPCA)},
	Title = {SafeMem: Exploiting ECC-Memory for Detecting Memory Leaks and Memory Corruption During Production Runs},
	Year = {2005}}

@inproceedings{mitra-senmetrics05-sensorGB,
	Author = {Abhishek Mitra and Anirban Banerjee and Walid Najjar and Demetrios Zeinalipour-Yazti and Dimitrios Gunopulos and Vana Kalogeraki},
	Booktitle = {Workshop on Measurement, Modeling, and Performance Analysis of Wireless Sensor Networks (SenMetrics)},
	Title = {High Performance, Low Power Sensor Platforms Featuring Gigabyte Scale Storage},
	Year = {2005}}

@inproceedings{krasniewski-dsn05-TibFit,
	Author = {Mark Krasniewski and Padma Varadharajan and Bryan Rabeler and Saurabh Bagchi and Y.Charlie Hu},
	Booktitle = {International Conference on Dependable Systems and Networks(DSN)},
	Title = {TIBFIT: Trust Index Based Fault Tolerance for Arbitrary Data Faults in Sensor Networks},
	Year = {2005}}

@inproceedings{basile-dsn05-neutralization,
	Author = {Claudio Basile and Zbigniew Kalbarczyk and Ravi K. Iyer},
	Booktitle = {International Conference on Dependable Systems and Networks(DSN)},
	Title = {Neutralization of Errors and Attacks in Wireless Ad Hoc Networks},
	Year = {2005}}

@inproceedings{nithya05sympathy,
	Author = {Nithya Ramanathan and Kevin Chang and Rahul Kapur and Lewis Girod and Eddie Kohler and Deborah Estrin.},
	Booktitle = {Third ACM Conference on Embedded Networked Sensor Systems (SenSys)},
	Date-Added = {2005-09-30 02:39:31 -0400},
	Date-Modified = {2005-09-30 02:41:39 -0400},
	Title = {Sympathy for the Sensor Network Debugger},
	Year = {November 2-4, 2005}}

@inproceedings{intel05fabapp,
	Author = {Robert Adler et. al.},
	Booktitle = {Third ACM Conference on Embedded Networked Sensor Systems (SenSys)},
	Date-Added = {2005-09-22 16:22:12 -0400},
	Date-Modified = {2006-02-27 17:50:34 -0800},
	Title = {Design and Deployment of Industrial Sensor Networks: Experiences from the North Sea and a Semiconductor Plant},
	Year = {November 2-4, 2005}}

@inproceedings{divya06codes,
	Author = {Divya Arora and Anand Raghunathan and Niraj K Jha},
	Booktitle = {In Proceedings of the ACM/IEEE International Conference on Hardware Software Co-Design and System Synthesis (CODES + ISSS)},
	Date-Added = {2006-11-20 00:50:43 -0800},
	Date-Modified = {2006-11-20 00:52:37 -0800},
	Title = {Architectural Support for Safe Software Execution On Embedded Processors},
	Year = {2006}}

@inproceedings{xfi06osdi,
	Author = {Ulfar Erlingsson and Martin Abadi and Michael Vrable and Mihai Budiu and George Necula},
	Booktitle = {In Proceedings of Operating System Design and Implementation (OSDI)},
	Date-Added = {2006-11-12 18:36:35 -0800},
	Date-Modified = {2006-11-12 18:38:10 -0800},
	Title = {XFI: Software Guards for System Address Spaces},
	Year = {2006}}

@inproceedings{regehr06utos,
	Author = {John Regehr and Nathan Cooprider and Will Archer and Eric Eide},
	Booktitle = {Technical Report UUCS-06-007, School of Computing, University of Utah},
	Date-Added = {2006-11-10 04:03:09 -0800},
	Date-Modified = {2006-11-10 04:04:38 -0800},
	Title = {Memory Safet and Untrusted Extensions for TinyOS},
	Year = {2006}}

@inproceedings{tkernel06sensys,
	Author = {Lin Gu and John A Stankovic},
	Booktitle = {In Proceedings of the Fourth ACM Conference on Embedded Networked Sensor Systems (SenSys)},
	Date-Added = {2006-11-10 02:52:18 -0800},
	Date-Modified = {2006-11-10 02:53:26 -0800},
	Title = {t-kernel: Providing Reliable OS Support Wireless Sensor Networks},
	Year = {2006}}

@inproceedings{balani06dvm,
	Author = {Rahul Balani and Simon Han and Ram Kumar and Ilias Tsigokannis and Mani Srivastava},
	Booktitle = {In Proceedings of the Sixth Annual ACM Conference on Embedded Software (EMSOFT)},
	Date-Added = {2006-11-10 02:15:55 -0800},
	Date-Modified = {2006-11-10 02:17:13 -0800},
	Title = {Multi-level software reconfiguration for sensor networks},
	Year = {2006}}

@inproceedings{dunkels06linking,
	Author = {Adam Dunkels and Niclas Finne and Joakim Eriksson and Thiemo Voigt},
	Booktitle = {In Proceedings of the Fourth ACM Conference on Embedded Networked Sensor Systems (SenSys)},
	Date-Added = {2006-11-02 01:36:58 -0800},
	Date-Modified = {2006-11-02 01:38:30 -0800},
	Title = {Run-Time Dynamic Linking for Reprogramming Wireless Sensor Networks},
	Year = {2006}}

@inproceedings{titzer06virgil,
	Author = {Ben L. Titzer},
	Booktitle = {In Proceedings of the 21st Annual Conference on Object-Oriented Systems, Languages, and Applications (OOPSLA)},
	Date-Added = {2006-11-01 12:08:59 -0800},
	Date-Modified = {2006-11-01 12:10:36 -0800},
	Title = {Virgil: Object on the Head of a Pin},
	Year = {2006}}

@inproceedings{volcano06osdi,
	Author = {Geoff Werner-Allen and Konard Lorincz and Jeff Johnson and Jonathan Lees and Matt Welsh},
	Booktitle = {In Proceedings of Operating System Design and Implementation (OSDI)},
	Date-Added = {2006-11-13 12:16:48 -0800},
	Date-Modified = {2006-11-13 12:18:32 -0800},
	Title = {Fidelity and Yield in a Volcano Monitoring Sensor Network},
	Year = {2007}}

@inproceedings{ram06emnets,
	Author = {Ram Kumar and Eddie Kohler and Mani Srivastava},
	Booktitle = {In Proceedings of the Third International Workshop on Embedded Networks (EmNets)},
	Date-Added = {2006-11-20 00:59:00 -0800},
	Date-Modified = {2006-11-20 00:59:53 -0800},
	Title = {Software-based Memory Protection in Sensor Nodes},
	Year = {2006}}

@misc{arm7tdmi,
	Author = {ARM},
	Date-Added = {2006-11-12 22:39:07 -0800},
	Date-Modified = {2006-11-12 22:44:07 -0800},
	Organization = {ARM Limited},
	Title = {ARM7TDMI Technical Reference Manual},
	Urldate = {http://www.arm.com/pdfs/DDI0210C_7tdmi_r4p1_trm.pdf}}

@url{sosi2cbug,
	Date-Added = {2006-02-27 12:12:55 -0800},
	Date-Modified = {2006-02-27 17:21:42 -0800},
	Title = {CVS log for SOS I2C Driver},
	Url = {http://cvs.nesl.ucla.edu/cvs/viewcvs.cgi/sos-1.x/processor/avr/i2c.c}}

@misc{zigbee,
	Author = {Zigbee-Consortioum},
	Date-Added = {2005-09-22 16:58:54 -0400},
	Date-Modified = {2006-11-01 12:15:51 -0800},
	Title = {www.zigbee.com},
	Url = {www.zigbee.org}}
